<?xml version="1.0" encoding="UTF-8"?><collection xmlns="http://www.loc.gov/MARC21/slim"><record><leader>00536nam--2200181-u-4500</leader><controlfield tag="001">000056045</controlfield><controlfield tag="002">20161230</controlfield><controlfield tag="005">20161230201052</controlfield><controlfield tag="008">141204s1000------------r-----000-0-eng-d</controlfield><datafield ind1=" " ind2=" " tag="020"><subfield code="a">096014482X</subfield></datafield><datafield ind1=" " ind2=" " tag="040"><subfield code="a">IFIN-HH</subfield></datafield><datafield ind1=" " ind2=" " tag="080"><subfield code="a">30.12:523:629.12(082.1)</subfield></datafield><datafield ind1="1" ind2=" " tag="100"><subfield code="a">Zapffe, Carl Andrew</subfield></datafield><datafield ind1="1" ind2="0" tag="245"><subfield code="a">A reminder on e=mc2</subfield><subfield code="b">With an appendix on astronautic interferometry</subfield><subfield code="c">Carl andrew zapffe</subfield></datafield><datafield ind1=" " ind2=" " tag="260"><subfield code="a">Brainerd, Minnesota</subfield><subfield code="b">Lakeland Color Oress, Inc</subfield><subfield code="c">/F.An</subfield></datafield><datafield ind1=" " ind2=" " tag="300"><subfield code="a">208P</subfield></datafield><datafield ind1=" " ind2=" " tag="852"><subfield code="a">71211</subfield><subfield code="c">523</subfield></datafield><datafield ind1=" " ind2=" " tag="CAT"><subfield code="a">Sys</subfield><subfield code="c">20141204</subfield><subfield code="h">152200</subfield></datafield></record></collection>